<?xml version='1.0' encoding='utf-8'?>
<record xmlns="http://www.loc.gov/MARC21/slim" xmlns:xsi="http://www.w3.org/2001/XMLSchema-instance">
  <leader>00000npcaa2200385^a^4500</leader>
  <controlfield tag="001">008858596</controlfield>
  <controlfield tag="005">20110610113836.0</controlfield>
  <controlfield tag="008">100929i19122010miu^^^^^^^^^^^^^^^^^eng^d</controlfield>
  <datafield tag="035" ind1=" " ind2=" ">
    <subfield code="a">(OCoLC)666941511</subfield>
  </datafield>
  <datafield tag="035" ind1=" " ind2=" ">
    <subfield code="a">(OCoLC)ocn666941511</subfield>
  </datafield>
  <datafield tag="040" ind1=" " ind2=" ">
    <subfield code="a">BEU</subfield>
    <subfield code="c">BEU</subfield>
    <subfield code="e">dacs</subfield>
  </datafield>
  <datafield tag="041" ind1="1" ind2=" ">
    <subfield code="a">pol</subfield>
    <subfield code="h">eng</subfield>
  </datafield>
  <datafield tag="049" ind1=" " ind2=" ">
    <subfield code="a">BEUA</subfield>
  </datafield>
  <datafield tag="100" ind1="1" ind2=" ">
    <subfield code="a">Wagner, Hipolit C.</subfield>
  </datafield>
  <datafield tag="245" ind1="0" ind2="0">
    <subfield code="a">Hipolit C. Wagner papers,</subfield>
    <subfield code="f">1912-2010.</subfield>
  </datafield>
  <datafield tag="300" ind1=" " ind2=" ">
    <subfield code="a">0.3 linear feet.</subfield>
  </datafield>
  <datafield tag="546" ind1=" " ind2=" ">
    <subfield code="a">In English.</subfield>
  </datafield>
  <datafield tag="545" ind1="0" ind2=" ">
    <subfield code="a">Polish immigrant to the United States in 1913. He returned to Poland in 1919 to serve in the Polish Army. He returned to Detroit in 1921, and eventually came to own a grocery store in Hamtramck, Michigan. Wagner was born in 1894 and died in 1960.</subfield>
  </datafield>
  <datafield tag="520" ind1="2" ind2=" ">
    <subfield code="a">Diary, 1912-1919, describing his immigration to the United States and return to Poland. Early portions of the diary were transcribed from another volume. The diary has been translated and transcribed by Wagner's son Arthur A. Wgner into a volume entitled "My Journey in the World." The collection also includes a ledger-journal, 1940s-1957, with accounts of his grocery store, but also containing records of relief parcels sent to European relatives after World War II.</subfield>
  </datafield>
  <datafield tag="506" ind1=" " ind2=" ">
    <subfield code="a">The collection is open for research use.</subfield>
  </datafield>
  <datafield tag="533" ind1=" " ind2=" ">
    <subfield code="a">CD-ROM has been made of the transcribed diary.</subfield>
  </datafield>
  <datafield tag="546" ind1=" " ind2=" ">
    <subfield code="a">In Polish with English translation.</subfield>
  </datafield>
  <datafield tag="500" ind1=" " ind2=" ">
    <subfield code="a">Donor: 10406</subfield>
  </datafield>
  <datafield tag="655" ind1=" " ind2="7">
    <subfield code="a">Diaries.</subfield>
    <subfield code="2">aat</subfield>
  </datafield>
  <datafield tag="655" ind1=" " ind2="7">
    <subfield code="a">CD-ROMs.</subfield>
    <subfield code="2">aat</subfield>
  </datafield>
  <datafield tag="650" ind1=" " ind2="0">
    <subfield code="a">Grocery trade</subfield>
    <subfield code="z">Michigan</subfield>
    <subfield code="z">Hamtramck.</subfield>
  </datafield>
  <datafield tag="650" ind1=" " ind2="0">
    <subfield code="a">Polish Americans</subfield>
    <subfield code="z">Michigan</subfield>
    <subfield code="z">Hamtramck.</subfield>
  </datafield>
  <datafield tag="600" ind1="1" ind2="0">
    <subfield code="a">Wagner, Hipolit C.</subfield>
  </datafield>
  <datafield tag="650" ind1=" " ind2="0">
    <subfield code="a">War relief</subfield>
    <subfield code="z">Poland.</subfield>
  </datafield>
  <datafield tag="650" ind1=" " ind2="0">
    <subfield code="a">World War, 1914-1918</subfield>
    <subfield code="z">Poland.</subfield>
  </datafield>
  <datafield tag="700" ind1="1" ind2=" ">
    <subfield code="a">Wagner, Arthur A.</subfield>
  </datafield>
  <datafield tag="852" ind1="8" ind2=" ">
    <subfield code="a">MiU-H</subfield>
    <subfield code="b">BENT</subfield>
    <subfield code="h">2010187 Aa 2</subfield>
  </datafield>
  <datafield tag="997" ind1=" " ind2=" ">
    <subfield code="a">MARS</subfield>
  </datafield>
  <datafield tag="998" ind1=" " ind2=" ">
    <subfield code="c">TEP</subfield>
  </datafield>
  <datafield tag="955" ind1=" " ind2=" ">
    <subfield code="b">BENT</subfield>
    <subfield code="p">B4436014</subfield>
  </datafield>
</record>
